<?xml version="1.0" encoding="UTF-8"?><collection xmlns="http://www.loc.gov/MARC21/slim"><record><leader>00618nam--2200169-i-4500</leader><controlfield tag="001">000023844</controlfield><controlfield tag="002">20161230</controlfield><controlfield tag="005">20161230201035</controlfield><controlfield tag="008">060222s1000------------r-----000-0-eng-d</controlfield><datafield ind1=" " ind2=" " tag="040"><subfield code="a">IFIN-HH</subfield></datafield><datafield ind1=" " ind2=" " tag="080"><subfield code="a">539.175.3:621.039.61:533.9:621.375.826(061.3)</subfield></datafield><datafield ind1="1" ind2=" " tag="110"><subfield code="a">Optical Society Of America</subfield></datafield><datafield ind1="1" ind2="0" tag="245"><subfield code="a">Inertial confinement fusion</subfield><subfield code="b">A digest of technical papers presented at the topical meeting on inertial confinement fusion, february 7-9, 1978, san diego, california</subfield></datafield><datafield ind1=" " ind2=" " tag="260"><subfield code="a">New York</subfield><subfield code="b">Optical Society Of Aerica</subfield><subfield code="c">1977</subfield></datafield><datafield ind1=" " ind2=" " tag="300"><subfield code="a">DIF.FIG. + DIF.P</subfield></datafield><datafield ind1=" " ind2=" " tag="852"><subfield code="a">46877</subfield><subfield code="c">539.17</subfield></datafield><datafield ind1=" " ind2=" " tag="CAT"><subfield code="a">Sys</subfield><subfield code="c">20120618</subfield><subfield code="h">154521</subfield></datafield></record></collection>